@article{Radford2019,
	 author       = {Humza Naveed and Asad Ullah Khan and Shi Qiu and Muhammad Saqib and Saeed Anwar and Muhammad Usman and Nick Barnes and Ajmal Mian},
	 title        = {A Comprehensive Overview of Large Language Models},
	 journal      = {CoRR},
	 volume       = {abs/2307.06435},
	 year         = {2023},
	 url          = {https://doi.org/10.48550/arXiv.2307.06435},
	 doi          = {10.48550/ARXIV.2307.06435},
}
@inproceedings{vaswani2017attention,
	title={Attention Is All You Need}, 
	author={Ashish Vaswani and Noam Shazeer and Niki Parmar and Jakob Uszkoreit and Llion Jones and Aidan N. Gomez and Lukasz Kaiser and Illia Polosukhin},
	booktitle={Advances in Neural Information Processing Systems},
	volume={30},
	year={2017},
	url={https://arxiv.org/abs/1706.03762}
}
@inproceedings{Gu2018SearchEngine,
	author ="Jiatao Gu and Yong Wang and Kyunghyun Cho and Victor OK Li",
	title  = "Search Engine Guided Neural Machine Translation",
	booktitle ="Proceedings of the AAAI Conference on Artificial Intelligence",
	volume = "32",
	pages        = {5133--5140},
    doi          = {10.1609/AAAI.V32I1.12013},
	year   = "2018"

}
@article{liang2024controllabletextgenerationlarge,
	author       = {Xun Liang and Hanyu Wang and Yezhaohui Wang and Shichao Song and Jiawei Yang and Simin Niu and Jie Hu and Dan Liu and Shunyu Yao and Feiyu Xiong and Zhiyu Li},
	title        = {Controllable Text Generation for Large Language Models: {A} Survey},
	journal      = {CoRR},
	volume       = {abs/2408.12599},
	year         = {2024},
	doi          = {10.48550/ARXIV.2408.12599},
}
@inproceedings{Zhang2023,
	author = "Q. Zhang and S. Chen and D. Xu and Q. Cao and X. Chen and T. Cohn and M. Fang",
	title = "A Survey for Efficient Open Domain Question Answering",
	booktitle = "Proceedings of the 61st Annual Meeting of the Association for Computational Linguistics (Volume 1: Long Papers)",
	editor = "A. Rogers and J. Boyd Graber and N. Okazaki",
	pages = "14447--14465",
	address = "Toronto, Canada",
	month = "Jul",
	year = "2023",
	doi = "10.18653/v1/2023.acl-long.808",
	
}
@article{brown2020language,
	author={Brown, Tom B and Mann, Benjamin and Ryder, Nick and Subbiah, Melanie and Kaplan, Jared and Dhariwal, Prafulla and Neelakantan, Arvind and Shyam, Pranav and Sastry, Girish and Askell, Amanda and others},
    title        = {Language Models are Few-Shot Learners},
	journal      = {CoRR},
	volume       = {abs/2005.14165},
	year         = {2020},
    url          = {https://arxiv.org/abs/2005.14165},

}

@inproceedings{devlin2018bert,
	author = "Devlin, Jacob  and Chang, Ming-Wei  and Lee, Kenton  and	Toutanova, Kristina", 
	editor = "Burstein, Jill  and	Doran, Christy  and
	Solorio, Thamar", 
	title = "{BERT}: Pre-training of Deep Bidirectional Transformers for Language Understanding",
	booktitle = "Proceedings of the 2019 Conference of the North {A}merican Chapter of the Association for Computational Linguistics: Human Language Technologies",
	month = jun,
	year = "2019",
	address = "Minneapolis, Minnesota",
	doi = "10.18653/v1/N19-1423"
}
	
@article{raffel2020exploring,
	author = "Raffel, Colin and Shazeer, Noam and Roberts, Adam and Lee, Katherine and Narang, Sharan and Matena, Michael and Zhou, Yanqi and Li, Wei and Liu, Peter J",
	title = "Exploring the Limits of Transfer Learning with a Unified Text-to-Text Transformer",
	journal = "J. Mach. Learn. Res.",
	volume = "21",
	pages = "140:1--140:67",	
	year = "2020",
	url = "https://arxiv.org/abs/1910.10683"
}
%[9]
@article{ji2023survey,
	author = {Z. Ji and N. Lee and R. Frieske and T. Yu and D. Su and Y. Xu and E. Ishii and Y. Bang and A. Madotto and P. Fung},
	title = {Survey of Hallucination in Natural Language Generation},
	journal      = {{ACM} Comput. Surv.},
	volume       = {55},
	number       = {12},
	pages        = {248:1--248:38},
	year         = {2023},
	doi = {10.1145/3571730}
}

%[10]
@inproceedings{kandpal2023large,
	author={Nikhil Kandpal and Haikang Deng and Adam Roberts and Eric Wallace and Colin Raffel},
	title={Large Language Models Struggle to Learn Long-Tail Knowledge}, 
	booktitle    = {International Conference on Machine Learning, {ICML} , Honolulu, Hawaii, {USA}},
	series       = {Proceedings of Machine Learning Research},
	volume       = {202},
	pages        = {15696--15707},
	year         = {2023}, 
}
%[11]
@inproceedings{bender2021dangers,
	author = "E. M. Bender and T. Gebru and A. McMillan-Major and S. Shmitchell",
	title = "On the Dangers of Stochastic Parrots: Can Language Models Be Too Big?",
    booktitle   = "FAccT '21: 2021 {ACM} Conference on Fairness, Accountability, and
	Transparency, Virtual Event / Toronto, Canada",
	pages = "610--623",
	year = "2021",
	doi = "10.1145/3442188.3445922"
}
@article{Mousavi2025,
	author       = {Seyed Mahed Mousavi and
	Simone Alghisi and	Giuseppe Riccardi},
	title        = {LLMs as Repositories of Factual Knowledge: Limitations and Solutions},
	journal      = {CoRR},
	volume       = {abs/2501.12774},
	year         = {2025},
    doi          = {10.48550/ARXIV.2501.12774},
}
@article{zhuang2020comprehensive,
	author    = "Zhuang, Fuzhen and Qi, Zhiyuan and Duan, Keyu and Xi, Dongbo and Zhu, Yongchun and Zhu, Hengshu and Xiong, Hui and He, Qing",
	title     = "A Comprehensive Survey on Transfer Learning",
	journal   = "Proceedings of the IEEE",
	volume    = "109",
	number    = "1",
	pages     = "43--76",
	year      = "2021",
	publisher = "IEEE"
}

@inproceedings{Howard2018,
	author    = "Jeremy Howard and Sebastian Ruder",
	title     = "Universal Language Model Fine-tuning for Text Classification",
    booktitle    = {Proceedings of the 56th Annual Meeting of the Association for Computational Linguistics, {ACL} , Melbourne, Australia, },
    pages        = {328--339},
    year         = {2018},
    doi          = {10.18653/V1/P18-1031},
}

@article{lewis2020retrieval,
	title     = "Retrieval-Augmented Generation for Knowledge-Intensive NLP Tasks",
	author    = "Lewis, Patrick and Perez, Ethan and Piktus, Aleksandra and Petroni, Fabio and Karpukhin, Vladimir and Goyal, Naman and K{\"u}ttler, Heinrich and Lewis, Mike and Yih, Wen-tau and others",
	journal      = {CoRR},
	volume       = {abs/2005.11401},
	year         = {2020},
	url          = {https://arxiv.org/abs/2005.11401},
}
@article{karpukhin2020dpr,
	 author       = {Vladimir Karpukhin and
	 Barlas Oguz and
	 Sewon Min and
	 Ledell Wu and
	 Sergey Edunov and
	 Danqi Chen and
	 Wen{-}tau Yih},
	 title        = {Dense Passage Retrieval for Open-Domain Question Answering},
	 journal      = {CoRR},
	 volume       = {abs/2004.04906},
	 year         = {2020},
	 url          = {https://arxiv.org/abs/2004.04906},
}


@article{yuan2024hybrid,
      author       = {Ye Yuan and
      Chengwu Liu and
      Jingyang Yuan and
      Gongbo Sun and
      Siqi Li and
      Ming Zhang},
      title        = {A Hybrid {RAG} System with Comprehensive Enhancement on Complex Reasoning},
      journal      = {CoRR},
      volume       = {abs/2408.05141},
      year         = {2024},
      doi          = {10.48550/ARXIV.2408.05141},
}

@article{ding2024efficient,
     author       = {Bailu Ding and
     Jiaqi Zhai},
     title        = {Efficient Retrieval with Learned Similarities},
     journal      = {CoRR},
     volume       = {abs/2407.15462},
     year         = {2024},
     doi          = {10.48550/ARXIV.2407.15462},
}
@article{bai2020spartermlearningtermbasedsparse,
    author       = {Yang Bai and
	Xiaoguang Li and
	Gang Wang and
	Chaoliang Zhang and
	Lifeng Shang and
	Jun Xu and
	Zhaowei Wang and
	Fangshan Wang and
	Qun Liu},
	title        = {SparTerm: Learning Term-based Sparse Representation for Fast Text
	Retrieval},
	journal      = {CoRR},
	volume       = {abs/2010.00768},
	year         = {2020},
	url          = {https://arxiv.org/abs/2010.00768},
}
@article{Lafferty2001,
	author = {Lafferty, John and Zhai, Chengxiang},
	title = {Document language models, query models, and risk minimization for information retrieval},
	journal      = {{SIGIR} Forum},
	volume       = {51},
	number       = {2},
	pages        = {251--259},
	year         = {2017},
	url          = {https://doi.org/10.1145/3130348.3130375},
	doi          = {10.1145/3130348.3130375},
}


@inproceedings{Robertson1997,
	author    = "S. E. Robertson and S. Walker",
	title     = "On relevance weights with little relevance information",
	booktitle = "SIGIR '97: Proceedings of the 20th Annual International ACM SIGIR Conference on Research and Development in Information Retrieval",
	editor    = "N. J. Belkin and A. D. Narasimhalu and P. Willett and W. R. Hersh and F. Can and E. M. Voorhees",
	pages     = "16--24",
	address   = "Philadelphia, PA, USA",
	month     = "July 27-31",
	year      = "1997",
	doi       = "10.1145/258525.258529",

}
@article{Zaragoza2009,
	author    = "Hugo Zaragoza and Stephen E. Robertson",
	title     = "The Probabilistic Relevance Framework: {BM25} and Beyond",
	journal   = "Foundations and Trends{\textregistered} in Information Retrieval",
	volume    = "3",
	number    = "4",
	pages     = "333--389",
	month     = "January",
	year      = "2009",
	doi       = "10.1561/1500000019",
}
@inproceedings{Culpepper2016,
	author    = "J. Shane Culpepper and Charles L. A. Clarke and Jimmy Lin",
	title     = "Dynamic Cutoff Prediction in Multi-Stage Retrieval Systems",
	booktitle = "Proceedings of the 21st Australasian
	 Document Computing Symposium",
	address   = "Melbourne, Australia",
	year      = "2016",
	url       = "https://culpepper.io/publications/ccl16-adcs.pdf",
}
@inproceedings{Zhou2021,
	author       = {Jianghong Zhou and
	Eugene Agichtein},
	editor       = {Yennun Huang and
	Irwin King and
	Tie{-}Yan Liu and
	Maarten van Steen},
	title        = {RLIRank: Learning to Rank with Reinforcement Learning for Dynamic
	Search},
	booktitle    = {{WWW} '20: The Web Conference 2020, Taipei, Taiwan, April 20-24},
	pages        = {2842--2848},
	year         = {2020},
	doi          = {10.1145/3366423.3380047},
}
@inproceedings{DynamicKNN2012,
	author    = "Carl Hulett and Andy Hall and Guangzhi Qu",  
	title     = "Dynamic selection of k nearest neighbors in instance-based learning",
	booktitle = "2012 IEEE 13th International Conference on Information Reuse \& Integration (IRI)",
	year      = "2012",
	month     = "August 8-10",
	address   = "Las Vegas, NV, USA",
	doi       = "10.1109/IRI.2012.6302995",

}

@article{sawarkar2024blendedragimprovingrag,
	 author       = {Kunal Sawarkar and
	 Abhilasha Mangal and
	 Shivam Raj Solanki},
	 title        = {Blended {RAG:} Improving {RAG} (Retriever-Augmented Generation) Accuracy
	 with Semantic Search and Hybrid Query-Based Retrievers},
	 journal      = {CoRR},
	 volume       = {abs/2404.07220},
	 year         = {2024},
	  doi          = {10.48550/ARXIV.2404.07220},
}

@article{Zhu2024,
	  author       = {Chencheng Zhu and
	  Kazutaka Shimada and
	  Tomoki Taniguchi and
	  Tomoko Ohkuma},
	  title        = {{STAYKATE:} Hybrid In-Context Example Selection Combining Representativeness
	  Sampling and Retrieval-based Approach - {A} Case Study on Science
	  Domains},
	  journal      = {CoRR},
	  volume       = {abs/2412.20043},
	  year         = {2024},
	  doi          = {10.48550/ARXIV.2412.20043},

}

@article{hei2024drragapplyingdynamicdocument,
	author       = {Zijian Hei and
	Weiling Liu and
	Wenjie Ou and
	Juyi Qiao and
	Junming Jiao and
	Guowen Song and
	Ting Tian and
	Yi Lin},
	title        = {{DR-RAG:} Applying Dynamic Document Relevance to Retrieval-Augmented
	Generation for Question-Answering},
	journal      = {CoRR},
	volume       = {abs/2406.07348},
	year         = {2024},
	doi          = {10.48550/ARXIV.2406.07348},
}
%[29]
@misc{aws2024rag,
	author       = {{Amazon Web Services}},
	title        = {What is RAG - Retrieval-Augmented Generation AI Explained},
	year         = {2024},

	
}



@article{ilin2023advancedrag,
	author       = {Yunfan Gao and
	Yun Xiong and
	Xinyu Gao and
	Kangxiang Jia and
	Jinliu Pan and
	Yuxi Bi and
	Yi Dai and
	Jiawei Sun and
	Qianyu Guo and
	Meng Wang and
	Haofen Wang},
	title        = {Retrieval-Augmented Generation for Large Language Models: {A} Survey},
	journal      = {CoRR},
	volume       = {abs/2312.10997},
	year         = {2023},
	url          = {https://doi.org/10.48550/arXiv.2312.10997},
}

@article{gupta20241,
	author       = {Shailja Gupta and
	Rajesh Ranjan and
	Surya Narayan Singh},
	title        = {A Comprehensive Survey of Retrieval-Augmented Generation {(RAG):}
	Evolution, Current Landscape and Future Directions},
	journal      = {CoRR},
	volume       = {abs/2410.12837},
	year         = {2024},
	doi          = {10.48550/ARXIV.2410.12837}, 
}

@article{zhao2024retrievalaugmentedgenerationaigeneratedcontent,
     author       = {Penghao Zhao and
     Hailin Zhang and
     Qinhan Yu and
     Zhengren Wang and
     Yunteng Geng and
     Fangcheng Fu and
     Ling Yang and
     Wentao Zhang and
     Bin Cui},
     title        = {Retrieval-Augmented Generation for AI-Generated Content: {A} Survey},
     journal      = {CoRR},
     volume       = {abs/2402.19473},
     year         = {2024},
     doi          = {10.48550/ARXIV.2402.19473},
}

@article{huang2024surveyretrievalaugmentedtextgeneration,
    author       = {Yizheng Huang and
	 Jimmy Huang},
	 title        = {A Survey on Retrieval-Augmented Text Generation for Large Language
	 Models},
	 journal      = {CoRR},
	 volume       = {abs/2404.10981},
	 year         = {2024},
	 doi          = {10.48550/ARXIV.2404.10981},
}
@article{lewis2019bart,
	   author       = {Mike Lewis and
	   Yinhan Liu and
	   Naman Goyal and
	   Marjan Ghazvininejad and
	   Abdelrahman Mohamed and
	   Omer Levy and
	   Veselin Stoyanov and
	   Luke Zettlemoyer},
	   editor       = {Dan Jurafsky and
	   Joyce Chai and
	   Natalie Schluter and
	   Joel R. Tetreault},
	   title        = {{BART:} Denoising Sequence-to-Sequence Pre-training for Natural Language
	   Generation, Translation, and Comprehension},
	   booktitle    = {Proceedings of the 58th Annual Meeting of the Association for Computational
	   Linguistics, {ACL}},
	   pages        = {7871--7880},
	   year         = {2020},
	   doi          = {10.18653/V1/2020.ACL-MAIN.703},
}

@article{radford2021learningtransferablevisualmodels,
	 author       = {Alec Radford and
	 Jong Wook Kim and
	 Chris Hallacy and
	 Aditya Ramesh and
	 Gabriel Goh and
	 Sandhini Agarwal and
	 Girish Sastry and
	 Amanda Askell and
	 Pamela Mishkin and
	 Jack Clark and
	 Gretchen Krueger and
	 Ilya Sutskever},
	 title        = {Learning Transferable Visual Models From Natural Language Supervision},
	 journal      = {CoRR},
	 volume       = {abs/2103.00020},
	 year         = {2021},
	 url          = {https://arxiv.org/abs/2103.00020},
}

@article{chen2021evaluatinglargelanguagemodels, 
	author={Mark Chen and Jerry Tworek and Heewoo Jun and Qiming Yuan and Henrique Ponde de Oliveira Pinto and Jared Kaplan and Harri Edwards and Yuri Burda and Nicholas Joseph and Greg Brockman and Alex Ray and others },
	title        = {Evaluating Large Language Models Trained on Code},
	journal      = {CoRR},
	volume       = {abs/2107.03374},
	year         = {2021},
	url          = {https://arxiv.org/abs/2107.03374},
}

@article{zhai2023revisiting,
	 author       = {Jiaqi Zhai and
	 Zhaojie Gong and
	 Yueming Wang and
	 Xiao Sun and
	 Zheng Yan and
	 Fu Li and
	 Xing Liu},
	 title        = {Revisiting Neural Retrieval on Accelerators},
	 journal      = {CoRR},
	 volume       = {abs/2306.04039},
	 year         = {2023},
	 doi          = {10.48550/ARXIV.2306.04039},
}
@article{eviden2025mrr,
	 author       = {Aryan Jadon and
	 Avinash Patil},
	 title        = {A Comprehensive Survey of Evaluation Techniques for Recommendation
	 Systems},
	 journal      = {CoRR},
	 volume       = {abs/2312.16015},
	 year         = {2023},
	 doi          = {10.48550/ARXIV.2312.16015},
}

@article{Zhu_2018,
	  author       = {Han Zhu and
	 Pengye Zhang and
	 Guozheng Li and
	 Jie He and
	 Han Li and
	 Kun Gai},
	 title        = {Learning Tree-based Deep Model for Recommender Systems},
	 journal      = {CoRR},
	 volume       = {abs/1801.02294},
	 year         = {2018},
	 url          = {http://arxiv.org/abs/1801.02294},
}

@article{kang2018selfattentivesequentialrecommendation,
	author       = {Wang{-}Cheng Kang and
	Julian J. McAuley},
	title        = {Self-Attentive Sequential Recommendation},
	journal      = {CoRR},
	volume       = {abs/1808.09781},
	year         = {2018},
	url          = {http://arxiv.org/abs/1808.09781},
}

@article{Harper2015,
	author    = "F. Maxwell Harper and Joseph A. Konstan",
	title     = "The MovieLens Datasets: History and Context",
	journal   = "ACM Transactions on Interactive Intelligent Systems",
	volume    = "5",
	number    = "4",
	year      = "2015",
	month     = "dec",
	doi       = "10.1145/2827872",
	publisher = "Association for Computing Machinery",
	
}



